@article{Papucci:2011wy,
      author         = "Papucci, Michele and Ruderman, Joshua T. and Weiler,
                        Andreas",
      title          = "{Natural SUSY Endures}",
      journal        = "JHEP",
      volume         = "09",
      year           = "2012",
      pages          = "035",
      doi            = "10.1007/JHEP09(2012)035",
      eprint         = "1110.6926",
      archivePrefix  = "arXiv",
      primaryClass   = "hep-ph",
      reportNumber   = "DESY-11-193, CERN-PH-TH-265",
      SLACcitation   = "%%CITATION = ARXIV:1110.6926;%%"
}
